@book{Burden_English,
	author = {Richard L. Burden and J. Douglas Faires},
	year = {2010},
	title = {Numerical Analysis},
	pages = {73-75},
	publisher = {Richard Stratton},
	address = {Boston, MA 02210},
	edition = {Ninth Edition},
	isbn = {978-0-538-73351-9}
}

@book{AN_Spanish,
	author = {José Alberto Gutiérrez Robles y Miguel Ángel Olmos Gómez y Juan Martín Casillas González},
	year = {2010},
	title = {Análisis numérico},
	pages = {22-23},
	publisher = {Unknown},
	address = {C.P. 01376, México, D.F.},
	isbn = {978-607-15-0316-9}
}

@article{MR_PDF,
	title = {RATE OF CONVERGENCE AND TERMINATION POINT},
	author = {Mahendra Ram},
	journal = {E-Materials VII},
	year = {Unknown},
	pages = {1--3-5},
	url = {https://www.hansrajcollege.ac.in/hCPanel/uploads/elearning/elearning_document/MR_NA_e7_GE4.pdf}
}

@misc{CS_Web,
	author = {Computer Science AI},
	title = {Advantages, Disadvantages and Applications of Regula Falsi Method},
	year = {2017-2021},
	note = {Last accessed 5 May 2022},
	url = {https://www.computerscienceai.com/2019/03/false-position-method.html}
}

@online{edwards,
	author  = "Bruce Edwards",
	year    =   "2018",
	month   =   "01",
	title   =  "Order of Convergence for the Secant Method",
	type    =   "Online",
	url     =   "https://people.clas.ufl.edu/bruceedwards/files/SecantConvergence.pdf",
}

@article{muller1956method,
	author={David E. Muller},
	year={1956},
	month={Jan 1,},
	title={A method for solving algebraic equations using an automatic computer},
	journal={Mathematics of computation},
	volume={10},
	number={56},
	pages={208-215},
	isbn={0025-5718},
	doi={10.1090/S0025-5718-1956-0083822-0}
}

@book{atkinson,
	author={Kendall E. Atkinson},
	year={1989},
	title={An introduction to numerical analysis},
	publisher={Wiley},
	address={New York u.a},
	edition={2. ed.},
	isbn={9780471624899},
	url={http://bvbr.bib-bvb.de:8991/F?func=service&doc_library=BVB01&local_base=BVB01&doc_number=001196724&sequence=000002&line_number=0001&func_code=DB_RECORDS&service_type=MEDIA}
}

@article{lankham,
	author  =   " Isaiah Lankham and Bruno Nachtergaele and Anne Schilling",
	year    =   "2007",
	month   =   "02",
	title   =  "The Fundamental Theorem of Algebra",
	type    =   "Online",
	url     =   "https://www.math.ucdavis.edu/~anne/WQ2007/mat67-Ld-FTA.pdf",
}

@online{badger,
	author  = " Benjamin Badger",
	year    =   "2021",
	title   =  "Roots of polynomial equations part I",
	type    =   "Online",
	url     =   "https://blbadger.github.io/polynomial-roots#newtons-map-rotations",
}

@online{3b1b,
	author  = " 3Blue1Brown",
	year    =   "2021",
	month   =   "10",
	title   =  "Newton's Fractal (which Newton knew nothing about)",
	type    =   "Online,video",
	url     =   "https://www.youtube.com/watch?v=-RdOwhmqP5s",
}

@online{wiersma,
	author  = " A.G. Wiersma",
	year    =   "2016",
	month   =   "06",
	title   =  "The Complex Dynamics of Newton’s Method",
	type    =   "Online",
	url     =   "https://fse.studenttheses.ub.rug.nl/14180/1/Alida_Wiersma_2016_WB.pdf",
}