@book{Burden_English,
	author = {Richard L. Burden and J. Douglas Faires},
	year = {2010},
	title = {Numerical Analysis},
	pages = {73-75},
	publisher = {Richard Stratton},
	address = {Boston, MA 02210},
	edition = {Ninth Edition},
	isbn = {978-0-538-73351-9}
}

@book{AN_Spanish,
	author = {José Alberto Gutiérrez Robles y Miguel Ángel Olmos Gómez y Juan Martín Casillas González},
	year = {2010},
	title = {Análisis numérico},
	pages = {22-23},
	publisher = {Unknown},
	address = {C.P. 01376, México, D.F.},
	isbn = {978-607-15-0316-9}
}

@article{MR_PDF,
	title = {RATE OF CONVERGENCE AND TERMINATION POINT},
	author = {Mahendra Ram},
	journal = {E-Materials VII},
	year = {Unknown},
	pages = {1--3-5},
	url = {https://www.hansrajcollege.ac.in/hCPanel/uploads/elearning/elearning_document/MR_NA_e7_GE4.pdf}
}

@misc{CS_Web,
	author = {Computer Science AI},
	title = {Advantages, Disadvantages and Applications of Regula Falsi Method},
	year = {2017-2021},
	note = {Last accessed 5 May 2022},
	url = {https://www.computerscienceai.com/2019/03/false-position-method.html}
}